%%% BOOKS
@book{easley2010networks,
  title={Networks, crowds, and markets},
  author={Easley, David and Kleinberg, Jon},
  volume={8},
  year={2010},
  publisher={Cambridge Univ Press}
}

@book{pitman1993probability,
  title={Probability},
  author={Pitman, J.},
  isbn={9780387979748},
  lccn={92039051},
  series={Springer Texts in Statistics},
  url={http://books.google.co.jp/books?id=L6IWgaCuilwC},
  year={1993},
  publisher={Springer}
}

@book{skiena1998algorithm,
  title={The Algorithm Design Manual: Text},
  author={Skiena, Steven},
  volume={1},
  year={1998},
  publisher={Springer}
}


@book{bishop2006pattern,
  title={Pattern recognition and machine learning},
  author={Bishop, Christopher M and Nasrabadi, Nasser M},
  volume={1},
  year={2006},
  publisher={springer New York}
}


%%% SLOW TRADER ORDER ARRIVAL
@article{amihud1980dealership,
  title={Dealership market: Market-making with inventory},
  author={Amihud, Yakov and Mendelson, Haim},
  journal={Journal of Financial Economics},
  volume={8},
  number={1},
  pages={31--53},
  year={1980},
  publisher={Elsevier}
}
@incollection{cincotti2006waiting,
  title={The waiting-time distribution of trading activity in a double auction artificial financial market},
  author={Cincotti, Silvano and Focardi, Sergio M and Ponta, Linda and Raberto, Marco and Scalas, Enrico},
  booktitle={The Complex Networks of Economic Interactions},
  pages={239--247},
  year={2006},
  publisher={Springer}
}



%%% HFT CHARTIST
@article{izumi2009evaluation,
  title={Evaluation of automated-trading strategies using an artificial market},
  author={Izumi, Kiyoshi and Toriumi, Fujio and Matsui, Hiroki},
  journal={Neurocomputing},
  volume={72},
  number={16},
  pages={3469--3476},
  year={2009},
  publisher={Elsevier}
}


%%% WORKS ON HIGH FREQUENCY TRADING TAXONOMY
@article{biais2011high,
  title={High frequency trading},
  author={Biais, Bruno and Woolley, Paul},
  journal={Manuscript, Toulouse University, IDEI},
  year={2011}
}
@article{farmer2013ecological,
  title={An ecological perspective on the future of computer trading},
  author={Farmer, J Doyne and Skouras, Spyros},
  journal={Quantitative Finance},
  volume={13},
  number={3},
  pages={325--346},
  year={2013},
  publisher={Taylor \& Francis}
}

%%% HFT GENERAL
@article{mcgowan2010rise,
  title={Rise of Computerized High Frequency Trading: Use and Controversy, The},
  author={McGowan, Michael J},
  journal={Duke L. \& Tech. Rev.},
  pages={i},
  year={2010},
  publisher={HeinOnline}
}


%%% WORKS WITH SLOW FAST TRADERS
@article{foucault2012news,
  title={News trading and speed},
  author={Foucault, Thierry and Hombert, Johan and Rosu, Ioanid},
  journal={Available at SSRN 2188822},
  year={2012}
}
@article{hoffmann2012dynamic,
  title={A dynamic limit order market with fast and slow traders},
  author={Hoffmann, Peter},
  journal={Available at SSRN 1969392},
  year={2012}
}
@article{mcinish2012strategic,
  title={Strategic liquidity supply in a market with fast and slow traders},
  author={McInish, Thomas and Upson, James},
  journal={Available at SSRN 1924991},
  year={2012}
}


%%% WORK ANALYSING MARKETS FOR FLASH CRASHES
@article{brogaard2013trading,
  title={Trading fast and slow: Colocation and market quality},
  author={Brogaard, Jonathan and Hagstr{\"o}mer, Bj{\"o}rn and Norden, Lars L and Riordan, Ryan},
  journal={Manuscript},
  volume={8},
  pages={25},
  year={2013}
}
@article{johnson2012financial,
  title={Financial black swans driven by ultrafast machine ecology},
  author={Johnson, Neil},
  journal={Available at SSRN},
  year={2012}
}


%%% MAS MODELS OF MARKETS
@article{chiwang2013investigating,
  title={Investigating the Impact of Trading Frequencies of Market Makers: a Multi-agent Simulation Approach},
  author={Wang, Chi and Izumi, Kiyoshi and Mizuta, Takanobu and Yoshimura, Shinobu},
  journal={SICE Journal of Control Measurement, and System Integration},
  volume={4},
  number={1},
  pages={001--005},
  year={2013}
}
@article{chiarella2009impact,
  title={The impact of heterogeneous trading rules on the limit order book and order flows},
  author={Chiarella, Carl and Iori, Giulia and Perell{\'o}, Josep},
  journal={Journal of Economic Dynamics and Control},
  volume={33},
  number={3},
  pages={525--537},
  year={2009},
  publisher={Elsevier}
}


%%% GENETIC PROGRAMMING FOR TRADING RULES
@article{allen1999using,
  title={Using genetic algorithms to find technical trading rules},
  author={Allen, Franklin and Karjalainen, Risto},
  journal={Journal of financial Economics},
  volume={51},
  number={2},
  pages={245--271},
  year={1999},
  publisher={Elsevier}
}
@article{potvin2004generating,
  title={Generating trading rules on the stock markets with genetic programming},
  author={Potvin, Jean-Yves and Soriano, Patrick and Vall{\'e}e, Maxime},
  journal={Computers \& Operations Research},
  volume={31},
  number={7},
  pages={1033--1047},
  year={2004},
  publisher={Elsevier}
}

%%% AUTOMATIC EVALUATION OF NEWS
@inproceedings{devitt2007sentiment,
  title={Sentiment polarity identification in financial news: A cohesion-based approach},
  author={Devitt, Ann and Ahmad, Khurshid},
  booktitle={ACL},
  year={2007}
}
@incollection{koppel2006good,
  title={Good news or bad news? let the market decide},
  author={Koppel, Moshe and Shtrimberg, Itai},
  booktitle={Computing attitude and affect in text: Theory and applications},
  pages={297--301},
  year={2006},
  publisher={Springer}
}
@article{godbole2007large,
  title={Large-Scale Sentiment Analysis for News and Blogs.},
  author={Godbole, Namrata and Srinivasaiah, Manja and Skiena, Steven},
  journal={ICWSM},
  volume={7},
  year={2007}
}
@article{bollen2011twitter,
  title={Twitter mood predicts the stock market},
  author={Bollen, Johan and Mao, Huina and Zeng, Xiaojun},
  journal={Journal of Computational Science},
  volume={2},
  number={1},
  pages={1--8},
  year={2011},
  publisher={Elsevier}
}

