%%% BOOKS
@book{easley2010networks,
  title={Networks, crowds, and markets},
  author={Easley, David and Kleinberg, Jon},
  volume={8},
  year={2010},
  publisher={Cambridge Univ Press}
}


@book{skiena1998algorithm,
  title={The Algorithm Design Manual: Text},
  author={Skiena, Steven},
  volume={1},
  year={1998},
  publisher={Springer}
}


@book{bishop2006pattern,
  title={Pattern recognition and machine learning},
  author={Bishop, Christopher M and Nasrabadi, Nasser M},
  volume={1},
  year={2006},
  publisher={springer New York}
}


%%% SLOW TRADER ORDER ARRIVAL
@article{amihud1980dealership,
  title={Dealership market: Market-making with inventory},
  author={Amihud, Yakov and Mendelson, Haim},
  journal={Journal of Financial Economics},
  volume={8},
  number={1},
  pages={31--53},
  year={1980},
  publisher={Elsevier}
}
@incollection{cincotti2006waiting,
  title={The waiting-time distribution of trading activity in a double auction artificial financial market},
  author={Cincotti, Silvano and Focardi, Sergio M and Ponta, Linda and Raberto, Marco and Scalas, Enrico},
  booktitle={The Complex Networks of Economic Interactions},
  pages={239--247},
  year={2006},
  publisher={Springer}
}



%%% HFT CHARTIST
@article{izumi2009evaluation,
  title={Evaluation of automated-trading strategies using an artificial market},
  author={Izumi, Kiyoshi and Toriumi, Fujio and Matsui, Hiroki},
  journal={Neurocomputing},
  volume={72},
  number={16},
  pages={3469--3476},
  year={2009},
  publisher={Elsevier}
}


%%% WORKS ON HIGH FREQUENCY TRADING TAXONOMY
@article{biais2011high,
  title={High frequency trading},
  author={Biais, Bruno and Woolley, Paul},
  journal={Manuscript, Toulouse University, IDEI},
  year={2011}
}
@article{farmer2013ecological,
  title={An ecological perspective on the future of computer trading},
  author={Farmer, J Doyne and Skouras, Spyros},
  journal={Quantitative Finance},
  volume={13},
  number={3},
  pages={325--346},
  year={2013},
  publisher={Taylor \& Francis}
}

%%% HFT/AT GENERAL
@article{mcgowan2010rise,
  title={Rise of Computerized High Frequency Trading: Use and Controversy, The},
  author={McGowan, Michael J},
  journal={Duke L. \& Tech. Rev.},
  pages={i},
  year={2010},
  publisher={HeinOnline}
}
@article{adler2012raging,
  title={Raging bulls: How Wall Street got addicted to light-speed trading},
  author={Adler, Jerry},
  journal={Wired Magazine},
  year={2012}
}
@article{golub2012high,
  title={High Frequency Trading and Mini Flash Crashes},
  author={Golub, Anton and Keane, John and Poon, Ser-Huang},
  journal={Available at SSRN 2182097},
  year={2012}
}

@inproceedings{morris2009fpga,
  title={FPGA accelerated low-latency market data feed processing},
  author={Morris, Gareth W and Thomas, David B and Luk, Wayne},
  booktitle={High Performance Interconnects, 2009. HOTI 2009. 17th IEEE Symposium on},
  pages={83--89},
  year={2009},
  organization={IEEE}
}



%%% COLOCATION
@misc{jeffs2010colocation,
  title = {Co-location is the key to faster trading speeds},
  author={Luke Jeffs},
  howpublished = "\url{http://www.efinancialnews.com/story/2010-06-28/co-location?ea9c8a2de0ee111045601ab04d673622}",
  note = {Accessed: 2014-01-17}
}

@misc{rogow2012colocation,
  title = {Colocation: The Root of All High-Frequency Trading Evil?},
  author={Geoffrey Rogow},
  howpublished = "\url{http://blogs.wsj.com/marketbeat/2012/09/20/collocation-the-root-of-all-high-frequency-trading-evil/}",
  note = {Accessed: 2014-01-19}
}


@misc{najarian2013hft,
  title = {High-Frequency Trading Is Making a Joke of the Markets},
  author={Jon Najarian},
  howpublished = "\url{http://finance.yahoo.com/blogs/the-exchange/high-frequency-trading-making-joke-markets-124446937.html}",
  note = {Accessed: 2014-01-19}
}

@misc{adler2012cable,
  title = {Raging Bulls: How Wall Street Got Addicted to Light-Speed Trading},
  author={Jerry Adler},
  howpublished = "\url{http://www.wired.com/business/2012/08/ff_wallstreet_trading/all/}",
  note = {Accessed: 2014-01-17}
}

@misc{phillips2012cable,
  title = {High-Speed Trading: My Laser Is Faster Than Your Laser},
  author={Matthew Philips},
  howpublished = "\url{http://www.businessweek.com/articles/2012-04-23/high-speed-trading-my-laser-is-faster-than-your-laser}",
  note = {Accessed: 2014-01-17}
}

@misc{williams2011cable,
  title = {The \$300m cable that will save traders milliseconds},
  author={Christopher Williams},
  howpublished = "\url{http://www.telegraph.co.uk/technology/news/8753784/The-300m-cable-that-will-save-traders-milliseconds.html}",
  note = {Accessed: 2014-01-17}
}


%%% WORKS WITH SLOW FAST TRADERS
@article{foucault2012news,
  title={News trading and speed},
  author={Foucault, Thierry and Hombert, Johan and Rosu, Ioanid},
  journal={Available at SSRN 2188822},
  year={2012}
}
@article{hoffmann2012dynamic,
  title={A dynamic limit order market with fast and slow traders},
  author={Hoffmann, Peter},
  journal={Available at SSRN 1969392},
  year={2012}
}
@article{mcinish2012strategic,
  title={Strategic liquidity supply in a market with fast and slow traders},
  author={McInish, Thomas and Upson, James},
  journal={Available at SSRN 1924991},
  year={2012}
}



%%% WORK ANALYSING MARKETS FOR FLASH CRASHES
@article{brogaard2013trading,
  title={Trading fast and slow: Colocation and market quality},
  author={Brogaard, Jonathan and Hagstr{\"o}mer, Bj{\"o}rn and Norden, Lars L and Riordan, Ryan},
  journal={Manuscript},
  volume={8},
  pages={25},
  year={2013}
}
@article{johnson2012financial,
  title={Financial black swans driven by ultrafast machine ecology},
  author={Johnson, Neil},
  journal={Available at SSRN},
  year={2012}
}
@article{chaboud2009rise,
  title={Rise of the machines: Algorithmic trading in the foreign exchange market},
  author={Chaboud, Alain and Hjalmarsson, Erik and Vega, Clara and Chiquoine, Ben},
  journal={FRB International Finance Discussion Paper},
  number={980},
  year={2009}
}


%%% MAS/MARKETS/STYLIZED
@article{chiwang2013investigating,
  title={Investigating the Impact of Trading Frequencies of Market Makers: a Multi-agent Simulation Approach},
  author={Wang, Chi and Izumi, Kiyoshi and Mizuta, Takanobu and Yoshimura, Shinobu},
  journal={SICE Journal of Control Measurement, and System Integration},
  volume={4},
  number={1},
  pages={001--005},
  year={2013}
}
@article{chiarella2009impact,
  title={The impact of heterogeneous trading rules on the limit order book and order flows},
  author={Chiarella, Carl and Iori, Giulia and Perell{\'o}, Josep},
  journal={Journal of Economic Dynamics and Control},
  volume={33},
  number={3},
  pages={525--537},
  year={2009},
  publisher={Elsevier}
}
@techreport{gsell2008assessing,
  title={Assessing the impact of Algorithmic Trading on markets: A simulation approach},
  author={Gsell, Markus},
  year={2008},
  institution={CFS working paper}
}

%%% MAS/MARKETS/NOISE_TRADER
@article{hommes2006heterogeneous,
  title={Heterogeneous agent models in economics and finance},
  author={Hommes, Cars H},
  journal={Handbook of computational economics},
  volume={2},
  pages={1109--1186},
  year={2006},
  publisher={Elsevier}
}

%% MAS/MARKETS/GENERAL
@article{lebaron2000agent,
  title={Agent-based computational finance: Suggested readings and early research},
  author={LeBaron, Blake},
  journal={Journal of Economic Dynamics and Control},
  volume={24},
  number={5},
  pages={679--702},
  year={2000},
  publisher={Elsevier}
}

@article{lebaron2001builder,
  title={A builderâ€™s guide to agent-based financial markets},
  author={LeBaron, Blake},
  journal={Quantitative Finance},
  volume={1},
  number={2},
  pages={254--261},
  year={2001},
  publisher={Taylor \& Francis}
}

@article{raberto2001agent,
  title={Agent-based simulation of a financial market},
  author={Raberto, Marco and Cincotti, Silvano and Focardi, Sergio M and Marchesi, Michele},
  journal={Physica A: Statistical Mechanics and its Applications},
  volume={299},
  number={1},
  pages={319--327},
  year={2001},
  publisher={Elsevier}
}

@article{tesfatsion2002agent,
  title={Agent-based computational economics: Growing economies from the bottom up},
  author={Tesfatsion, Leigh},
  journal={Artificial life},
  volume={8},
  number={1},
  pages={55--82},
  year={2002},
  publisher={MIT Press}
}
@article{tesfatsion2006agent,
  title={Agent-based computational economics: A constructive approach to economic theory},
  author={Tesfatsion, Leigh},
  journal={Handbook of computational economics},
  volume={2},
  pages={831--880},
  year={2006},
  publisher={Elsevier}
}

%%% MAS/GENERAL
@inproceedings{macal2005tutorial,
  title={Tutorial on agent-based modeling and simulation},
  author={Macal, Charles M and North, Michael J},
  booktitle={Proceedings of the 37th conference on Winter simulation},
  pages={2--15},
  year={2005},
  organization={Winter Simulation Conference}
}
@article{gilbert2004agent,
  title={Agent-based social simulation: dealing with complexity},
  author={Gilbert, Nigel},
  journal={The Complex Systems Network of Excellence},
  volume={9},
  number={25},
  pages={1--14},
  year={2004}
}
@book{davidsson2001multi,
  title={Multi agent based simulation: beyond social simulation},
  author={Davidsson, Paul},
  year={2001},
  publisher={Springer}
}
@incollection{drogoul2003multi,
  title={Multi-agent based simulation: Where are the agents?},
  author={Drogoul, Alexis and Vanbergue, Diane and Meurisse, Thomas},
  booktitle={Multi-agent-based simulation II},
  pages={1--15},
  year={2003},
  publisher={Springer}
}


%%% C PROGRAMMING FOR TRADING RULES
@article{allen1999using,
  title={Using genetic algorithms to find technical trading rules},
  author={Allen, Franklin and Karjalainen, Risto},
  journal={Journal of financial Economics},
  volume={51},
  number={2},
  pages={245--271},
  year={1999},
  publisher={Elsevier}
}
@article{potvin2004generating,
  title={Generating trading rules on the stock markets with genetic programming},
  author={Potvin, Jean-Yves and Soriano, Patrick and Vall{\'e}e, Maxime},
  journal={Computers \& Operations Research},
  volume={31},
  number={7},
  pages={1033--1047},
  year={2004},
  publisher={Elsevier}
}

%%% AUTOMATIC EVALUATION OF NEWS
@inproceedings{devitt2007sentiment,
  title={Sentiment polarity identification in financial news: A cohesion-based approach},
  author={Devitt, Ann and Ahmad, Khurshid},
  booktitle={ACL},
  year={2007}
}
@incollection{koppel2006good,
  title={Good news or bad news? let the market decide},
  author={Koppel, Moshe and Shtrimberg, Itai},
  booktitle={Computing attitude and affect in text: Theory and applications},
  pages={297--301},
  year={2006},
  publisher={Springer}
}
@article{godbole2007large,
  title={Large-Scale Sentiment Analysis for News and Blogs.},
  author={Godbole, Namrata and Srinivasaiah, Manja and Skiena, Steven},
  journal={ICWSM},
  volume={7},
  year={2007}
}
@article{bollen2011twitter,
  title={Twitter mood predicts the stock market},
  author={Bollen, Johan and Mao, Huina and Zeng, Xiaojun},
  journal={Journal of Computational Science},
  volume={2},
  number={1},
  pages={1--8},
  year={2011},
  publisher={Elsevier}
}


%%% SOFTWARE

@article{jones2001scipy,
  title={SciPy: Open source scientific tools for Python},
  author={Jones, Eric and Oliphant, Travis and Peterson, Pearu},
  journal={http://www. scipy. org/},
  year={2001}
}

@article{hunter2007matplotlib,
  title={Matplotlib: A 2D graphics environment},
  author={Hunter, John D},
  journal={Computing in Science \& Engineering},
  pages={90--95},
  year={2007},
  publisher={IEEE Computer Society}
}

@article{van2011numpy,
  title={The NumPy array: a structure for efficient numerical computation},
  author={Van Der Walt, Stefan and Colbert, S Chris and Varoquaux, Gael},
  journal={Computing in Science \& Engineering},
  volume={13},
  number={2},
  pages={22--30},
  year={2011},
  publisher={IEEE}
}
@book{oliphant2006guide,
  title={A Guide to NumPy},
  author={Oliphant, Travis E},
  volume={1},
  year={2006},
  publisher={Trelgol Publishing USA}
}
@article{pedregosa2011scikit,
  title={Scikit-learn: Machine learning in Python},
  author={Pedregosa, Fabian and Varoquaux, Ga{\"e}l and Gramfort, Alexandre and Michel, Vincent and Thirion, Bertrand and Grisel, Olivier and Blondel, Mathieu and Prettenhofer, Peter and Weiss, Ron and Dubourg, Vincent and others},
  journal={The Journal of Machine Learning Research},
  volume={12},
  pages={2825--2830},
  year={2011},
  publisher={JMLR. org}
}

@incollection{arslan2006scoop,
  title={SCOOP--concurrency made easy},
  author={Arslan, Volkan and Eugster, Patrick and Nienaltowski, Piotr and Vaucouleur, Sebastien},
  booktitle={Dependable Systems: Software, Computing, Networks},
  pages={82--102},
  year={2006},
  publisher={Springer}
}

@inproceedings{rainville2012deap,
  title={Deap: A python framework for evolutionary algorithms},
  author={Rainville, De and Fortin, F{\'e}lix-Antoine and Gardner, Marc-Andr{\'e} and Parizeau, Marc and Gagn{\'e}, Christian and others},
  booktitle={Proceedings of the fourteenth international conference on Genetic and evolutionary computation conference companion},
  pages={85--92},
  year={2012},
  organization={ACM}
}

%%% MACHINE LEARNING
@article{bilmes1998gentle,
  title={A gentle tutorial of the EM algorithm and its application to parameter estimation for Gaussian mixture and hidden Markov models},
  author={Bilmes, Jeff A and others},
  journal={International Computer Science Institute},
  volume={4},
  number={510},
  pages={126},
  year={1998}
}
@article{frey2007clustering,
  title={Clustering by passing messages between data points},
  author={Frey, Brendan J and Dueck, Delbert},
  journal={science},
  volume={315},
  number={5814},
  pages={972--976},
  year={2007},
  publisher={American Association for the Advancement of Science}
}
@book{pitman1993probability,
  title={Probability},
  author={Pitman, J.},
  isbn={9780387979748},
  lccn={92039051},
  series={Springer Texts in Statistics},
  url={http://books.google.co.jp/books?id=L6IWgaCuilwC},
  year={1993},
  publisher={Springer}
}
@article{shlens2005tutorial,
  title={A tutorial on principal component analysis},
  author={Shlens, Jonathon},
  journal={Systems Neurobiology Laboratory, University of California at San Diego},
  year={2005}
}
@book{izenman2008modern,
  title={Modern multivariate statistical techniques: regression, classification, and manifold learning},
  author={Izenman, Alan J},
  year={2008},
  publisher={Springer}
}
@inproceedings{sculley2010web,
  title={Web-scale k-means clustering},
  author={Sculley, D},
  booktitle={Proceedings of the 19th international conference on World wide web},
  pages={1177--1178},
  year={2010},
  organization={ACM}
}
@book{salkind2010encyclopedia,
  title={Encyclopedia of research design},
  author={Salkind, Neil J},
  volume={1},
  pages={935--938},
  year={2010},
  publisher={Sage Publications, Incorporated}
}

%%% GENETIC ALGORITHM 
@article{goldberg1991comparative,
  title={A comparative analysis of selection schemes used in genetic algorithms},
  author={Goldberg, David E and Deb, Kalyanmoy},
  journal={Urbana},
  volume={51},
  pages={61801--2996},
  year={1991}
}
@misc{blickle1995comparison,
  title={A comparison of selection schemes used in genetic algorithms},
  author={Blickle, Tobias and Thiele, Lothar},
  year={1995},
  publisher={TIK-Report}
}
@article{whitley1994genetic,
  title={A genetic algorithm tutorial},
  author={Whitley, Darrell},
  journal={Statistics and computing},
  volume={4},
  number={2},
  pages={65--85},
  year={1994},
  publisher={Springer}
}
@article{davis1991handbook,
  title={Handbook of genetic algorithms},
  author={Davis, Lawrence},
  year={1991},
  publisher={Van Nostrand Reinhold}
}
